@article{Dasgupta2022,
author = {Dasgupta, Anish and He, Haoran and Gong, Rushi and Shang, Shun-Li and Zimmerer, Eric K. and Meyer, Randall J. and Liu, Zi-Kui and Janik, Michael J. and Rioux, Robert M.},
doi = {10.1038/s41557-021-00855-3},
file = {:C\:/Users/rfg5281/AppData/Local/Mendeley Ltd./Mendeley Desktop/Downloaded/Dasgupta et al. - 2022 - Atomic control of active-site ensembles in ordered alloys to enhance hydrogenation selectivity(2).pdf:pdf},
issn = {1755-4330},
journal = {Nature Chemistry},
keywords = {Chemical engineering, Heterogeneous catalysis},
month = {5},
number = {5},
pages = {523--529},
publisher = {Nature Publishing Group},
title = {{Atomic control of active-site ensembles in ordered alloys to enhance hydrogenation selectivity}},
url = {https://www.nature.com/articles/s41557-021-00855-3},
volume = {14},
year = {2022}
}

@article{vizdal2006experimental,
  title={The Experimental and Theoretical Study of Phase Equilibria in the Pd--Zn (-Sn) System},
  author={Vizdal, Jiri and Kroupa, Ales and Popovic, Jiri and Zemanova, Adela},
  journal={Advanced Engineering Materials},
  volume={8},
  number={3},
  pages={164--176},
  year={2006},
  publisher={Wiley Online Library}
}

@book{massalski1986binary,
  title={Binary alloy phase diagrams},
  author={Massalski, Thaddeus B and Okamoto, Hiroaki and Subramanian, PRnbsp and Kacprzak, Linda and Scott, William W},
  volume={1},
  number={2},
  year={1986},
  publisher={American society for metals Metals Park, OH}
}

@article{hansen1958constitution,
  title={Constitution of binary alloys},
  author={Hansen, Max and Anderko, Kurt and Salzberg, HW},
  journal={Journal of the Electrochemical Society},
  volume={105},
  number={12},
  pages={260C},
  year={1958},
  publisher={IOP Publishing}
}

@article{ChiangIpserChang1977,
url = {https://doi.org/10.1515/ijmr-1977-680211},
title = {Thermodynamic Properties of Palladium-Zinc Alloys / Thermodynamische Eigenschaften von Palladium-Zink Legierungen},
author = {Tien-Hon Chiang and Herbert Ipser and Y. Austin Chang},
pages = {141--147},
volume = {68},
number = {2},
journal = {International Journal of Materials Research},
doi = {doi:10.1515/ijmr-1977-680211},
year = {1977}
}

@article{kou1975thermodynamics,
  title={Thermodynamics of ordered $\beta$1-pdZn alloys},
  author={Kou, S and Chang, YA},
  journal={Acta Metallurgica},
  volume={23},
  number={10},
  pages={1185--1190},
  year={1975},
  publisher={Elsevier}
}

@article{amore2009thermochemistry,
  title={Thermochemistry of Pd--In, Pd--Sn and Pd--Zn alloy systems},
  author={Amore, S and Delsante, S and Parodi, N and Borzone, G},
  journal={Thermochimica Acta},
  volume={481},
  number={1-2},
  pages={1--6},
  year={2009},
  publisher={Elsevier}
}

@article{strom1969x,
  title={X-ray determination of the structure of the cubic gamma Pd, Zn phase},
  author={STR{\"O}M, VIVI-ANN ED and STMAN, SVEN WE},
  journal={Acta Chem. Scand},
  volume={23},
  number={1},
  year={1969}
}

@article{gourdon2006intergrowth,
  title={Intergrowth compounds in the Zn-rich Zn- Pd system: toward 1D quasicrystal approximants},
  author={Gourdon, Olivier and Miller, Gordon J},
  journal={Chemistry of materials},
  volume={18},
  number={7},
  pages={1848--1856},
  year={2006},
  publisher={ACS Publications}
}

@article{dinsdale1991sgte,
  title={SGTE data for pure elements},
  author={Dinsdale, Alan T},
  journal={Calphad},
  volume={15},
  number={4},
  pages={317--425},
  year={1991},
  publisher={Elsevier}
}

@article{schmid2012zinc,
  title={Is zinc HCP\_ZN or HCP\_A3?},
  author={Schmid-Fetzer, Rainer and Hallstedt, Bengt},
  journal={Calphad},
  volume={37},
  pages={34--36},
  year={2012},
  publisher={Elsevier}
}

@article{dinsdale2021modelling,
  title={Modelling the thermodynamic data for hcp Zn and Cu--Zn alloys--an ab initio and calphad approach},
  author={Dinsdale, Alan and Khvan, Alexandra and Smirnova, Ekaterina A and Ponomareva, Alena V and Abrikosov, Igor A},
  journal={Calphad},
  volume={72},
  pages={102253},
  year={2021},
  publisher={Elsevier}
}

@article{redlich1948algebraic,
  title={Algebraic representation of thermodynamic properties and the classification of solutions},
  author={Redlich, Otto and Kister, AT},
  journal={Industrial \& Engineering Chemistry},
  volume={40},
  number={2},
  pages={345--348},
  year={1948},
  publisher={ACS Publications}
}

@article{ansara1997reply,
  title={Reply to the paper:“When is a compound energy not a compound energy? A critique of the 2-sublattice order/disorder model”: Of Nigel Saunders, Calphad 20 (1996) 491--499},
  author={Ansara, Ibrahim and Dupin, Nathalie and Sundman, Bo},
  journal={Calphad},
  volume={21},
  number={4},
  pages={535--542},
  year={1997},
  publisher={Elsevier}
}

@article{ansara1988thermodynamic,
  title={Thermodynamic modeling of ordered phases in the Ni-Al system},
  author={Ansara, I and Sundman, B and Willemin, Po},
  journal={Acta Metallurgica},
  volume={36},
  number={4},
  pages={977--982},
  year={1988},
  publisher={Elsevier}
}

@article{bocklund2019espei,
  title={ESPEI for efficient thermodynamic database development, modification, and uncertainty quantification: application to Cu--Mg},
  author={Bocklund, Brandon and Otis, Richard and Egorov, Aleksei and Obaied, Abdulmonem and Roslyakova, Irina and Liu, Zi-Kui},
  journal={MRS Communications},
  volume={9},
  number={2},
  pages={618--627},
  year={2019},
  publisher={Cambridge University Press}
}

@misc{otis2017pycalphad,
  title={pycalphad: CALPHAD-based Computational Thermodynamics in Python},
  author={Otis, Richard and Liu, Zi-Kui},
  year={2017}
}

@article{paulson2019quantified,
  title={Quantified uncertainty in thermodynamic modeling for materials design},
  author={Paulson, Noah H and Bocklund, Brandon J and Otis, Richard A and Liu, Zi-Kui and Stan, Marius},
  journal={Acta Materialia},
  volume={174},
  pages={9--15},
  year={2019},
  publisher={Elsevier}
}

@article{kresse1996efficient,
  title={Efficient iterative schemes for ab initio total-energy calculations using a plane-wave basis set},
  author={Kresse, Georg and Furthm{\"u}ller, J{\"u}rgen},
  journal={Physical review B},
  volume={54},
  number={16},
  pages={11169},
  year={1996},
  publisher={APS}
}

@article{blochl1994projector,
  title={Projector augmented-wave method},
  author={Bl{\"o}chl, Peter E},
  journal={Physical review B},
  volume={50},
  number={24},
  pages={17953},
  year={1994},
  publisher={APS}
}

@article{kresse1999ultrasoft,
  title={From ultrasoft pseudopotentials to the projector augmented-wave method},
  author={Kresse, Georg and Joubert, Daniel},
  journal={Physical review b},
  volume={59},
  number={3},
  pages={1758},
  year={1999},
  publisher={APS}
}

@article{perdew1996generalized,
  title={Generalized gradient approximation made simple},
  author={Perdew, John P and Burke, Kieron and Ernzerhof, Matthias},
  journal={Physical review letters},
  volume={77},
  number={18},
  pages={3865},
  year={1996},
  publisher={APS}
}

@article{heyd2003hybrid,
  title={Hybrid functionals based on a screened Coulomb potential},
  author={Heyd, Jochen and Scuseria, Gustavo E and Ernzerhof, Matthias},
  journal={The Journal of chemical physics},
  volume={118},
  number={18},
  pages={8207--8215},
  year={2003},
  publisher={American Institute of Physics}
}

@article{wang2014yphon,
  title={YPHON: A package for calculating phonons of polar materials},
  author={Wang, Yi and Chen, Long-Qing and Liu, Zi-Kui},
  journal={Computer Physics Communications},
  volume={185},
  number={11},
  pages={2950--2968},
  year={2014},
  publisher={Elsevier}
}

@article{stadelmaier1961ternare,
  title={Tern{\"a}re Kohlenstofllegierungen von Palladium und Plat{\i}n mit Magnesium, Aluminium, Zink, Gallium, Germanium, Kadmium, Indium, Zinn,(Quecksilber, Thall{\i}um und Blei},
  author={Stadelmaier, Hans H and Hardy, William K},
  journal={International Journal of Materials Research},
  volume={52},
  number={6},
  pages={391--396},
  year={1961},
  publisher={De Gruyter Berlin}
}

@article{neumann1978structural,
  title={The structural stability of the B2 and L10 phases in the system Pd-Zn},
  author={Neumann, JP and Ipser, H and Chang, YA},
  journal={Journal of the Less Common Metals},
  volume={57},
  number={1},
  pages={P29--P37},
  year={1978},
  publisher={Elsevier}
}

@article{gourdon2006zn1,
  title={Zn1- x Pd x (x= 0.14--0.24): a missing link between intergrowth compounds and quasicrystal approximants},
  author={Gourdon, O and Izaola, Z and Elcoro, L and Petricek, V and Miller, GJ},
  journal={Philosophical Magazine},
  volume={86},
  number={3-5},
  pages={419--425},
  year={2006},
  publisher={Taylor \& Francis}
}

@article{arblaster1997crystallographic,
  title={Crystallographic properties of platinum},
  author={Arblaster, JW},
  journal={Platinum Metals Review},
  volume={41},
  number={1},
  pages={12--21},
  year={1997},
  publisher={Johnson Matthey}
}

@article{jette1935precision,
  title={Precision determination of lattice constants},
  author={Jette, Eric R and Foote, Frank},
  journal={The Journal of Chemical Physics},
  volume={3},
  number={10},
  pages={605--616},
  year={1935},
  publisher={American Institute of Physics}
}

@article{shang2016comprehensive,
  title={A comprehensive first-principles study of pure elements: vacancy formation and migration energies and self-diffusion coefficients},
  author={Shang, Shun-Li and Zhou, Bi-Cheng and Wang, William Y and Ross, Austin J and Liu, Xuan L and Hu, Yong-Jie and Fang, Hua-Zhi and Wang, Yi and Liu, Zi-Kui},
  journal={Acta Materialia},
  volume={109},
  pages={128--141},
  year={2016},
  publisher={Elsevier}
}

@article{shang2007phase,
  title={Phase stability in $\alpha$-and $\beta$-rhombohedral boron},
  author={Shang, Shunli and Wang, Yi and Arroyave, Raymundo and Liu, Zi-Kui},
  journal={Physical Review B—Condensed Matter and Materials Physics},
  volume={75},
  number={9},
  pages={092101},
  year={2007},
  publisher={APS}
}

@article{nowotny1951beitrag,
  title={Ein beitrag zum system palladium-zink},
  author={Nowotny, H and Bauer, E and Stempfl, A},
  journal={Monatshefte f{\"u}r Chemie und verwandte Teile anderer Wissenschaften},
  volume={82},
  pages={1086--1093},
  year={1951},
  publisher={Springer}
}

@article{alasafi1978mischung,
  title={Zur mischung PdZnN},
  author={Alasafi, KM and Chattopadhyay, T and Schubert, K},
  journal={Journal of the Less Common Metals},
  volume={59},
  number={1},
  pages={P41--P50},
  year={1978},
  publisher={Elsevier}
}

@article{shang2009first,
  title={First-principles study of elastic and phonon properties of the heavy fermion compound CeMg},
  author={Shang, SL and Hector, LG and Wang, Y and Zhang, H and Liu, ZK},
  journal={Journal of Physics: Condensed Matter},
  volume={21},
  number={24},
  pages={246001},
  year={2009},
  publisher={IOP Publishing}
}

@article{yu2019synthesis,
  title={Synthesis and understanding of Na11Sn2PSe12 with enhanced ionic conductivity for all-solid-state Na-ion battery},
  author={Yu, Zhaoxin and Shang, Shun-Li and Wang, Daiwei and Li, Yuguang C and Yennawar, Hemant P and Li, Guoxing and Huang, Haw-Tyng and Gao, Yue and Mallouk, Thomas E and Liu, Zi-Kui and others},
  journal={Energy Storage Materials},
  volume={17},
  pages={70--77},
  year={2019},
  publisher={Elsevier}
}

@article{shang2018understanding,
  title={Understanding slow-growing alumina scale mediated by reactive elements: Perspective via local metal-oxygen bonding strength},
  author={Shang, Shun-Li and Wang, Yi and Gleeson, Brian and Liu, Zi-Kui},
  journal={Scripta Materialia},
  volume={150},
  pages={139--142},
  year={2018},
  publisher={Elsevier}
}